<record><leader>00000cas a22000007a 4500</leader><controlfield tag="001">37857393</controlfield><controlfield tag="008">971028d188u18uutnuwr ne      0    0eng d</controlfield><datafield ind1=" " ind2=" " tag="010"><subfield code="a">sn 97065486 </subfield></datafield><datafield ind1=" " ind2=" " tag="040"><subfield code="a">TGN</subfield><subfield code="b">eng</subfield><subfield code="c">TGN</subfield><subfield code="d">OCLCQ</subfield><subfield code="d">OCLCO</subfield></datafield><datafield ind1="1" ind2=" " tag="029"><subfield code="a">AU@</subfield><subfield code="b">000013613171</subfield></datafield><datafield ind1=" " ind2=" " tag="042"><subfield code="a">msc</subfield></datafield><datafield ind1=" " ind2=" " tag="043"><subfield code="a">n-us-tn</subfield></datafield><datafield ind1=" " ind2="4" tag="050"><subfield code="a">AN2.M2</subfield><subfield code="b">M6</subfield></datafield><datafield ind1="0" ind2="4" tag="245"><subfield code="a">The McNairy County review.</subfield></datafield><datafield ind1=" " ind2=" " tag="260"><subfield code="a">Falcon, Tenn. :</subfield><subfield code="b">W.E. Grimes</subfield></datafield><datafield ind1=" " ind2=" " tag="300"><subfield code="a">v.</subfield></datafield><datafield ind1=" " ind2=" " tag="310"><subfield code="a">Weekly</subfield></datafield><datafield ind1=" " ind2=" " tag="588"><subfield code="a">Description based on: Vol. 2, no. 49 (June 19, 1886).</subfield></datafield><datafield ind1=" " ind2="0" tag="651"><subfield code="a">Falcon (Tenn.)</subfield><subfield code="v">Newspapers.</subfield></datafield><datafield ind1=" " ind2="0" tag="651"><subfield code="a">McNairy County (Tenn.)</subfield><subfield code="v">Newspapers.</subfield></datafield><datafield ind1=" " ind2=" " tag="752"><subfield code="a">United States</subfield><subfield code="b">Tennessee</subfield><subfield code="c">McNairy</subfield><subfield code="d">Falcon.</subfield></datafield></record>